    @ARTICLE{Confounding,
        author = {{Chaney}, Allison J.~B. and {Stewart}, Brandon M. and
             {Engelhardt}, Barbara E.},
        title = "{How Algorithmic Confounding in Recommendation Systems Increases Homogeneity and Decreases Utility}",
        journal = {arXiv e-prints},
        keywords = {Computer Science - Computers and Society, Computer Science - Machine Learning, Statistics - Machine Learning},
        year = "2017",
        month = "Oct",
        eid = {arXiv:1710.11214},
        pages = {arXiv:1710.11214},
        archivePrefix = {arXiv},
        eprint = {1710.11214},
        primaryClass = {cs.CY},
        adsurl = {https://ui.adsabs.harvard.edu/\#abs/2017arXiv171011214C},
        adsnote = {Provided by the SAO/NASA Astrophysics Data System}
    }

    
    @ARTICLE{InferSent,
        author = {{Conneau}, Alexis and {Kiela}, Douwe and {Schwenk}, Holger and
         {Barrault}, Loic and {Bordes}, Antoine},
        title = "{Supervised Learning of Universal Sentence Representations from Natural Language Inference Data}",
        journal = {arXiv e-prints},
        keywords = {Computer Science - Computation and Language},
        year = "2017",
        month = "May",
        eid = {arXiv:1705.02364},
        pages = {arXiv:1705.02364},
        archivePrefix = {arXiv},
        eprint = {1705.02364},
        primaryClass = {cs.CL},
        adsurl = {https://ui.adsabs.harvard.edu/\#abs/2017arXiv170502364C},
        adsnote = {Provided by the SAO/NASA Astrophysics Data System}
    }
    
    @ARTICLE{Doc2Vec,
        author = {{Le}, Quoc V. and {Mikolov}, Tomas},
        title = "{Distributed Representations of Sentences and Documents}",
        journal = {arXiv e-prints},
        keywords = {Computer Science - Computation and Language, Computer Science - Artificial Intelligence, Computer Science - Machine Learning},
        year = "2014",
        month = "May",
        eid = {arXiv:1405.4053},
        pages = {arXiv:1405.4053},
        archivePrefix = {arXiv},
        eprint = {1405.4053},
        primaryClass = {cs.CL},
        adsurl = {https://ui.adsabs.harvard.edu/\#abs/2014arXiv1405.4053L},
        adsnote = {Provided by the SAO/NASA Astrophysics Data System}
    }
    
    
    @ARTICLE{Wide&Deep,
        author = {{Cheng}, Heng-Tze and {Koc}, Levent and {Harmsen}, Jeremiah and
             {Shaked}, Tal and {Chandra}, Tushar and {Aradhye}, Hrishi and
             {Anderson}, Glen and {Corrado}, Greg and {Chai}, Wei and
             {Ispir}, Mustafa and {Anil}, Rohan and {Haque}, Zakaria and
             {Hong}, Lichan and {Jain}, Vihan and {Liu}, Xiaobing and {Shah}, Hemal},
        title = "{Wide \&amp; Deep Learning for Recommender Systems}",
        journal = {arXiv e-prints},
        keywords = {Computer Science - Machine Learning, Computer Science - Information Retrieval, Statistics - Machine Learning},
        year = "2016",
        month = "Jun",
        eid = {arXiv:1606.07792},
        pages = {arXiv:1606.07792},
        archivePrefix = {arXiv},
        eprint = {1606.07792},
        primaryClass = {cs.LG},
        adsurl = {https://ui.adsabs.harvard.edu/\#abs/2016arXiv160607792C},
        adsnote = {Provided by the SAO/NASA Astrophysics Data System}
    }
    
    
    @ARTICLE{DeepFM,
        author = {{Guo}, Huifeng and {Tang}, Ruiming and {Ye}, Yunming and {Li}, Zhenguo and
             {He}, Xiuqiang},
        title = "{DeepFM: A Factorization-Machine based Neural Network for CTR Prediction}",
        journal = {arXiv e-prints},
        keywords = {Computer Science - Information Retrieval, Computer Science - Computation and Language},
        year = "2017",
        month = "Mar",
        eid = {arXiv:1703.04247},
        pages = {arXiv:1703.04247},
        archivePrefix = {arXiv},
        eprint = {1703.04247},
        primaryClass = {cs.IR},
        adsurl = {https://ui.adsabs.harvard.edu/\#abs/2017arXiv170304247G},
        adsnote = {Provided by the SAO/NASA Astrophysics Data System}
    }


    @ARTICLE{xDeepFM,
        author = {{Lian}, Jianxun and {Zhou}, Xiaohuan and {Zhang}, Fuzheng and
             {Chen}, Zhongxia and {Xie}, Xing and {Sun}, Guangzhong},
        title = "{xDeepFM: Combining Explicit and Implicit Feature Interactions for Recommender Systems}",
        journal = {arXiv e-prints},
        keywords = {Computer Science - Machine Learning, Computer Science - Information Retrieval},
        year = "2018",
        month = "Mar",
        eid = {arXiv:1803.05170},
        pages = {arXiv:1803.05170},
        archivePrefix = {arXiv},
        eprint = {1803.05170},
        primaryClass = {cs.LG},
        adsurl = {https://ui.adsabs.harvard.edu/\#abs/2018arXiv180305170L},
        adsnote = {Provided by the SAO/NASA Astrophysics Data System}
    }


    @ARTICLE{Autoencoder,
        author = {{Kuchaiev}, Oleksii and {Ginsburg}, Boris},
        title = "{Training Deep AutoEncoders for Collaborative Filtering}",
        journal = {arXiv e-prints},
        keywords = {Statistics - Machine Learning, Computer Science - Machine Learning},
        year = "2017",
        month = "Aug",
        eid = {arXiv:1708.01715},
        pages = {arXiv:1708.01715},
        archivePrefix = {arXiv},
        eprint = {1708.01715},
        primaryClass = {stat.ML},
        adsurl = {https://ui.adsabs.harvard.edu/\#abs/2017arXiv170801715K},
        adsnote = {Provided by the SAO/NASA Astrophysics Data System}
    }
    
    
    @inproceedings{Convolutional,
     author = {Tang, Jiaxi and Wang, Ke},
     title = {Personalized Top-N Sequential Recommendation via Convolutional Sequence Embedding},
     booktitle = {Proceedings of the Eleventh ACM International Conference on Web Search and Data Mining},
     series = {WSDM '18},
     year = {2018},
     isbn = {978-1-4503-5581-0},
     location = {Marina Del Rey, CA, USA},
     pages = {565--573},
     numpages = {9},
     url = {http://doi.acm.org/10.1145/3159652.3159656},
     doi = {10.1145/3159652.3159656},
     acmid = {3159656},
     publisher = {ACM},
     address = {New York, NY, USA},
     keywords = {convolutional neural networks, recommender system, sequential prediction},
    }
    
    @article{SVD,
        author = {Paterek, Arkadiusz},
        year = {2007},
        month = {01},
        pages = {},
        title = {Improving regularized singular value decomposition for collaborative filtering},
        journal = {Proceedings of KDD Cup and Workshop}
    }
    
    @ARTICLE{Session-based,
        author = {{Hidasi}, Bal{\'a}zs and {Karatzoglou}, Alexandros and
             {Baltrunas}, Linas and {Tikk}, Domonkos},
        title = "{Session-based Recommendations with Recurrent Neural Networks}",
        journal = {arXiv e-prints},
        keywords = {Computer Science - Machine Learning, Computer Science - Information Retrieval, Computer Science - Neural and Evolutionary Computing},
        year = "2015",
        month = "Nov",
        eid = {arXiv:1511.06939},
        pages = {arXiv:1511.06939},
        archivePrefix = {arXiv},
        eprint = {1511.06939},
        primaryClass = {cs.LG},
        adsurl = {https://ui.adsabs.harvard.edu/\#abs/2015arXiv151106939H},
        adsnote = {Provided by the SAO/NASA Astrophysics Data System}
    }
    
    @ARTICLE{Toward,
      author =       "Gediminas Adomavicius and Alexander Tuzhilin",
      title =        "{\it Toward the Next Generation of Recommender Systems: A Survey of the State-of-the-Art and Possible Extensions}",
      journal =    "in IEEE Transactions on Knowledge \& Data Engineering, vol. 17, no. , pp. 734-749",
      year =         "2005",
    }
    
    @ARTICLE{Implicit,
      author =       "Yifan Hu and Yehuda Koren and Chris Volinsky",
      title =        "{\it Collaborative Filtering for Implicit Feedback Datasets}",
      journal =    "2008 Eighth IEEE International Conference on Data Mining(ICDM), vol. 00, no. , pp. 263-272",
      year =         "2008",
    }
    
    @ARTICLE{MF,
      author =       "Yehuda Koren and Robert Bell and Chris Volinsky",
      title =        "{\it Matrix Factorization Techniques for Recommender Systems}",
      journal =    "IEEE Computer",
      year =         "2009",
    }

    @MISC{GoogleCloud,
      title =        "{\it Building a Recommendation System in TensorFlow: Overview}",
      author =       "Google",
      publisher =    "Google Cloud",
      year =         "2018",
      month =        "August",
      url =          "https://cloud.google.com/solutions/machine-learning/recommendation-system-tensorflow-overview",
      note =         "[Online; visited 05.01.2019]",
    }
    
    @MISC{MicrosoftRecommenders,
      title =        {Recommenders},
      author =       {Microsoft},
      publisher =    {GitHub},
      journal =      {GitHub repository},
      year =         {2019},
      url =          {https://github.com/microsoft/recommenders},
      note =         {[Online; visited 11.05.2019]},
    }
    
    @MISC{BenImplicit,
      title =        {Implicit},
      author =       {Ben Frederickson},
      publisher =    {GitHub},
      journal =      {GitHub repository},
      year =         {2016},
      url =          {https://github.com/benfred/implicit},
      note =         {[Online; visited 12.05.2019]},
    }
    
    @MISC{WikiDoc2Vec,
      title =        {Doc2Vec},
      author =       {Jey Han Lau},
      publisher =    {GitHub},
      journal =      {GitHub repository},
      year =         {2016},
      url =          {https://github.com/jhlau/doc2vec},
      note =         {[Online; visited 11.05.2019]},
    }

    @ARTICLE{LightFM,
      author =       "Maciej Kula",
      title =        "{\it Metadata Embeddings for User and Item Cold-start Recommendations}",
      journal =    "Lyst",
      year =         "2015",
    }
    
    @ARTICLE{Algorithmic_Confounding,
        author = {{Chaney}, Allison J.~B. and {Stewart}, Brandon M. and
             {Engelhardt}, Barbara E.},
        title = "{How Algorithmic Confounding in Recommendation Systems Increases Homogeneity and Decreases Utility}",
        journal = {arXiv e-prints},
        keywords = {Computer Science - Computers and Society, Computer Science - Machine Learning, Statistics - Machine Learning},
        year = "2017",
        month = "Oct",
        eid = {arXiv:1710.11214},
        pages = {arXiv:1710.11214},
        archivePrefix = {arXiv},
        eprint = {1710.11214},
        primaryClass = {cs.CY},
        adsurl = {https://ui.adsabs.harvard.edu/abs/2017arXiv171011214C},
        adsnote = {Provided by the SAO/NASA Astrophysics Data System}
    }


    @inproceedings{Boltzmann,
      author = {Salakhutdinov, Ruslan and Mnih, Andriy and Hinton, Geoffrey},
      title = {Restricted Boltzmann Machines for Collaborative Filtering},
      booktitle = {Proceedings of the 24th International Conference on Machine Learning},
      series = {ICML '07},
      year = {2007},
      isbn = {978-1-59593-793-3},
      location = {Corvalis, Oregon, USA},
      pages = {791--798},
      numpages = {8},
      url = {http://doi.acm.org/10.1145/1273496.1273596},
      doi = {10.1145/1273496.1273596},
      acmid = {1273596},
      publisher = {ACM},
      address = {New York, NY, USA},
    }
    
    @ARTICLE{Session-based_Survey,
        author = {{Wang}, Shoujin and {Cao}, Longbing and {Wang}, Yan},
        title = "{A Survey on Session-based Recommender Systems}",
        journal = {arXiv e-prints},
        keywords = {Computer Science - Information Retrieval},
        year = "2019",
        month = "Feb",
        eid = {arXiv:1902.04864},
        pages = {arXiv:1902.04864},
        archivePrefix = {arXiv},
        eprint = {1902.04864},
        primaryClass = {cs.IR},
        adsurl = {https://ui.adsabs.harvard.edu/abs/2019arXiv190204864W},
        adsnote = {Provided by the SAO/NASA Astrophysics Data System}
    }

    @ARTICLE{Skip-gram,
        author = {{Mikolov}, Tomas and {Sutskever}, Ilya and {Chen}, Kai and
         {Corrado}, Greg and {Dean}, Jeffrey},
        title = "{Distributed Representations of Words and Phrases and their Compositionality}",
        journal = {arXiv e-prints},
        keywords = {Computer Science - Computation and Language, Computer Science - Machine Learning, Statistics - Machine Learning},
        year = "2013",
        month = "Oct",
        eid = {arXiv:1310.4546},
        pages = {arXiv:1310.4546},
        archivePrefix = {arXiv},
        eprint = {1310.4546},
        primaryClass = {cs.CL},
        adsurl = {https://ui.adsabs.harvard.edu/abs/2013arXiv1310.4546M},
        adsnote = {Provided by the SAO/NASA Astrophysics Data System}
    }

    @MISC{Sliding_figure,
        author = {Chris McCormick},
        title = {Word2Vec Tutorial - The Skip-Gram Model},
        year = "2016",
        month = "April 19,",
        url = {http://www.mccormickml.com},
        note = "[Online; visited 27.04.2019]",
    }
    
    @ARTICLE{Word2Vec,
        author = {{Mikolov}, Tomas and {Chen}, Kai and {Corrado}, Greg and {Dean}, Jeffrey},
        title = "{Efficient Estimation of Word Representations in Vector Space}",
        journal = {arXiv e-prints},
        keywords = {Computer Science - Computation and Language},
        year = "2013",
        month = "Jan",
        eid = {arXiv:1301.3781},
        pages = {arXiv:1301.3781},
        archivePrefix = {arXiv},
        eprint = {1301.3781},
        primaryClass = {cs.CL},
        adsurl = {https://ui.adsabs.harvard.edu/abs/2013arXiv1301.3781M},
        adsnote = {Provided by the SAO/NASA Astrophysics Data System}
    }
    
    @ARTICLE{vae_for_cf,
        author = {{Liang}, Dawen and {Krishnan}, Rahul G. and {Hoffman}, Matthew D. and
         {Jebara}, Tony},
        title = "{Variational Autoencoders for Collaborative Filtering}",
        journal = {arXiv e-prints},
        keywords = {Statistics - Machine Learning, Computer Science - Information Retrieval, Computer Science - Machine Learning},
        year = "2018",
        month = "Feb",
        eid = {arXiv:1802.05814},
        pages = {arXiv:1802.05814},
        archivePrefix = {arXiv},
        eprint = {1802.05814},
        primaryClass = {stat.ML},
        adsurl = {https://ui.adsabs.harvard.edu/abs/2018arXiv180205814L},
        adsnote = {Provided by the SAO/NASA Astrophysics Data System}
    }




    
    
    
    %%%%%%%%%%%%%%%%%%%%%%%%%%%%%%%%%%%%%%%%%%%%%%%%%%%%%%%%%%%%%%%
  